@article{zhao2019gslam,
	title={GSLAM: A General SLAM Framework and Benchmark},
	author={Zhao, Yong and Xu, Shibiao and Bu, Shuhui and Jiang, Hongkai and Han, Pengcheng},
	journal={arXiv preprint arXiv:1902.07995},
	year={2019}
}
@article{zhang2010understanding,
	title={Understanding bag-of-words model: a statistical framework},
	author={Zhang, Yin and Jin, Rong and Zhou, Zhi-Hua},
	journal={International Journal of Machine Learning and Cybernetics},
	volume={1},
	number={1-4},
	pages={43--52},
	year={2010},
	publisher={Springer}
}
@article{gao2003complete,
	title={Complete solution classification for the perspective-three-point problem},
	author={Gao, Xiao-Shan and Hou, Xiao-Rong and Tang, Jianliang and Cheng, Hang-Fei},
	journal={IEEE transactions on pattern analysis and machine intelligence},
	volume={25},
	number={8},
	pages={930--943},
	year={2003},
	publisher={IEEE}
}
@article{lepetit2009epnp,
	title={Epnp: An accurate o (n) solution to the pnp problem},
	author={Lepetit, Vincent and Moreno-Noguer, Francesc and Fua, Pascal},
	journal={International journal of computer vision},
	volume={81},
	number={2},
	pages={155},
	year={2009},
	publisher={Springer}
}
@article{penate2013exhaustive,
	title={Exhaustive linearization for robust camera pose and focal length estimation},
	author={Penate-Sanchez, Adrian and Andrade-Cetto, Juan and Moreno-Noguer, Francesc},
	journal={IEEE transactions on pattern analysis and machine intelligence},
	volume={35},
	number={10},
	pages={2387--2400},
	year={2013},
	publisher={IEEE}
}
@book{multiview,
	author    = {Richard Hartley,Andrew Zisserman},
	title     = {计算机视觉中的多视图几何},
	edition   = {1},
	address   = {合肥},
	publisher = {安徽大学出版社},
	year      = {2002},
	pages     = {174},
}
@inproceedings{li2006five,
	title={Five-point motion estimation made easy},
	author={Li, Hongdong and Hartley, Richard},
	booktitle={18th International Conference on Pattern Recognition (ICPR'06)},
	volume={1},
	pages={630--633},
	year={2006},
	organization={IEEE}
}
@article{longuet1981computer,
	title={A computer algorithm for reconstructing a scene from two projections},
	author={Longuet-Higgins, H Christopher},
	journal={Nature},
	volume={293},
	number={5828},
	pages={133},
	year={1981},
	publisher={Nature Publishing Group}
}
@article{muja2009fast,
	title={Fast approximate nearest neighbors with automatic algorithm configuration.},
	author={Muja, Marius and Lowe, David G},
	journal={VISAPP (1)},
	volume={2},
	number={331-340},
	pages={2},
	year={2009}
}
@inproceedings{rosten2005fusing,
	title={Fusing points and lines for high performance tracking.},
	author={Rosten, Edward and Drummond, Tom},
	booktitle={ICCV},
	volume={2},
	pages={1508--1515},
	year={2005},
	organization={Citeseer}
}
@article{lowe2004sift,
	title={SIFT-The Scale Invariant Feature Transform},
	author={Lowe, G},
	journal={Int. J.},
	volume={2},
	pages={91--110},
	year={2004}
}
@inproceedings{zhang1999flexible,
	title={Flexible camera calibration by viewing a plane from unknown orientations.},
	author={Zhang, Zhengyou and others},
	booktitle={Iccv},
	volume={99},
	pages={666--673},
	year={1999}
}
@article{rotationgroup,
	author = {Stuelpnagel, J.},
	title = {On the Parametrization of the Three-Dimensional Rotation Group},
	journal = {SIAM Review},
	volume = {6},
	number = {4},
	pages = {422-430},
	year = {1964},
	doi = {10.1137/1006093},
	URL = { 
	https://doi.org/10.1137/1006093
	},
	eprint = { 
	https://doi.org/10.1137/1006093
	}
	
}


@article{marr1980theory,
	title={Theory of edge detection},
	author={Marr, David and Hildreth, Ellen},
	journal={Proceedings of the Royal Society of London. Series B. Biological Sciences},
	volume={207},
	number={1167},
	pages={187--217},
	year={1980},
	publisher={The Royal Society London}
}
@article{lindeberg1993detecting,
	title={Detecting salient blob-like image structures and their scales with a scale-space primal sketch: A method for focus-of-attention},
	author={Lindeberg, Tony},
	journal={International Journal of Computer Vision},
	volume={11},
	number={3},
	pages={283--318},
	year={1993},
	publisher={Springer}
}
@inproceedings{harris1988combined,
	title={A combined corner and edge detector.},
	author={Harris, Christopher G and Stephens, Mike and others},
	booktitle={Alvey vision conference},
	volume={15},
	number={50},
	pages={10--5244},
	year={1988},
	organization={Citeseer}
}